<?xml version="1.0" encoding="UTF-8"?><record xmlns="http://www.loc.gov/MARC21/slim" xmlns:cinclude="http://apache.org/cocoon/include/1.0" xmlns:zs="http://www.loc.gov/zing/srw/">
  <leader>00997cz  a2200181n  4500</leader>
  <controlfield tag="001">n  88029446 </controlfield>
  <controlfield tag="003">DLC</controlfield>
  <controlfield tag="005">20080229072933.0</controlfield>
  <controlfield tag="008">880725n| acannaabn          |a ana      </controlfield>
  <datafield tag="010" ind1=" " ind2=" ">
    <subfield code="a">n  88029446 </subfield>
  </datafield>
  <datafield tag="035" ind1=" " ind2=" ">
    <subfield code="a">(OCoLC)oca02326116</subfield>
  </datafield>
  <datafield tag="040" ind1=" " ind2=" ">
    <subfield code="a">DLC</subfield>
    <subfield code="b">eng</subfield>
    <subfield code="c">DLC</subfield>
    <subfield code="d">OCoLC</subfield>
  </datafield>
  <datafield tag="110" ind1="2" ind2=" ">
    <subfield code="a">Pontificio Ateneo del seminario romano</subfield>
  </datafield>
  <datafield tag="410" ind1="2" ind2=" ">
    <subfield code="a">Athenaeum Pontificii Seminarii Romani ad S. Apollinaris</subfield>
  </datafield>
  <datafield tag="410" ind1="2" ind2=" ">
    <subfield code="a">Athenaeum Pontificii Seminarii Romani</subfield>
  </datafield>
  <datafield tag="510" ind1="2" ind2=" ">
    <subfield code="w">b</subfield>
    <subfield code="a">Pontificio Ateneo lateranense</subfield>
  </datafield>
  <datafield tag="670" ind1=" " ind2=" ">
    <subfield code="a">Cicognani, A. G. Ius canonicum, 1925- :</subfield>
    <subfield code="b">v. 1, t.p. (Athenaeum Pontificii Seminarii Romani ad S. Apollinaris)</subfield>
  </datafield>
  <datafield tag="670" ind1=" " ind2=" ">
    <subfield code="a">Ann. pont., 1933:</subfield>
    <subfield code="b">p. 67 (Pontificio Ateneo del seminario romano; fdd. 1824; comprises Facoltà di teologia, Facoltà di filosofia, and Pontificio Istituto Utriusque Iuris with Facoltà di diritto canonico and Facoltà di diritto civile; 1955) p. 1336 (now known as Pontificio Ateneo lateranense; 1961) p. 1571 (5/17/59 name chgd. to Pontificia Università lateranense)</subfield>
  </datafield>
</record>